@article{strogatz2001exploring,
	title={Exploring complex networks},
	author={Strogatz, Steven H},
	journal={nature},
	volume={410},
	number={6825},
	pages={268},
	year={2001},
	publisher={Nature Publishing Group}
}
@online{PPINtrain,
	author = {European Bioinformatics Institute},
	title = {Network analysis of protein interaction data: an introduction},
	howpublished = {\url{https://www.ebi.ac.uk/training/online/course/network-analysis-protein-interaction-data-introduction}},
	note = {Accessed: 2018-10-31}
}
@article{barabasi2003scale,
	title={Scale-free networks},
	author={Barab{\'a}si, Albert-L{\'a}szl{\'o} and Bonabeau, Eric},
	journal={Scientific american},
	volume={288},
	number={5},
	pages={60--69},
	year={2003},
	publisher={JSTOR}
}

@article{katz1953new,
  title={A new status index derived from sociometric analysis},
  author={Katz, Leo},
  journal={Psychometrika},
  volume={18},
  number={1},
  pages={39--43},
  year={1953},
  publisher={Springer}
}
@book{langville2011google,
  title={Google's PageRank and beyond: The science of search engine rankings},
  author={Langville, Amy N and Meyer, Carl D},
  year={2011},
  publisher={Princeton University Press}
}

@book{wasserman1994social,
  title={Social network analysis: Methods and applications},
  author={Wasserman, Stanley and Faust, Katherine},
  volume={8},
  year={1994},
  publisher={Cambridge university press}
}

@article{song2007how,
  title={How to calculate the fractal dimension of a complex network: the box covering algorithm},
  author={Song, Chaoming and Gallos, Lazaros and Havlin, Shlomo and Makse, Hern{'\a}n},
  journal={Journal of Statistical Mechanics: Theory and Experiment},
  volume={2007},
  number={03},
  pages={P03006},
  year={2007},
  publisher={IOPScience}
}
